<?xml version="1.0" encoding="UTF-8"?><collection xmlns="http://www.loc.gov/MARC21/slim"><record><leader>00465nam--2200169-u-4500</leader><controlfield tag="001">000051492</controlfield><controlfield tag="002">20161230</controlfield><controlfield tag="005">20170119003350</controlfield><controlfield tag="008">080722s1000------------r-----000-0-eng-d</controlfield><datafield ind1=" " ind2=" " tag="040"><subfield code="a">IFIN-HH</subfield></datafield><datafield ind1="1" ind2=" " tag="100"><subfield code="a">Maslov, V. P</subfield></datafield><datafield ind1="1" ind2="0" tag="245"><subfield code="a">Theorie des perturbations et methodes asymtotiques</subfield></datafield><datafield ind1=" " ind2=" " tag="260"><subfield code="a">Paris</subfield><subfield code="b">Dunord</subfield><subfield code="c">1972</subfield></datafield><datafield ind1=" " ind2=" " tag="300"><subfield code="a">384 p</subfield></datafield><datafield ind1=" " ind2=" " tag="490"><subfield code="a">Etudes mathematiques. Collection dirigee par P.Lelong</subfield></datafield><datafield ind1=" " ind2=" " tag="852"><subfield code="a">42194</subfield><subfield code="c">517.43</subfield></datafield><datafield ind1=" " ind2=" " tag="CAT"><subfield code="a">SYS</subfield><subfield code="c">20170119</subfield><subfield code="h">003350</subfield></datafield></record></collection>